@article{zhao2007evaluation,
  title={Evaluation of linkage disequilibrium measures between multi-allelic markers as predictors of linkage disequilibrium between single nucleotide polymorphisms},
  author={Zhao, Honghua and Nettleton, D and Dekkers, Jack CM},
  journal={Genetics Research},
  volume={89},
  number={1},
  pages={1--6},
  year={2007},
  publisher={Cambridge University Press}
}

@article{hedrick1987gametic,
  title={Gametic disequilibrium measures: proceed with caution},
  author={Hedrick, Philip W},
  journal={Genetics},
  volume={117},
  number={2},
  pages={331--341},
  year={1987},
  publisher={Oxford University Press}
}

@article{karlin_statistical_1981,
	title = {Statistical methods for assessing linkage disequilibrium at the {HLA}-{A}, {B}, {C} loci},
	volume = {45},
	issn = {1469-1809},
	url = {https://onlinelibrary.wiley.com/doi/abs/10.1111/j.1469-1809.1981.tb00308.x},
	doi = {10.1111/j.1469-1809.1981.tb00308.x},
	language = {en},
	number = {1},
	urldate = {2023-07-13},
	journal = {Annals of Human Genetics},
	author = {Karlin, S. and Piazza, A.},
	year = {1981},
	note = {\_eprint: https://onlinelibrary.wiley.com/doi/pdf/10.1111/j.1469-1809.1981.tb00308.x},
	pages = {79--94},
}